
@misc{ selle02analysis,
  author = "D. SELLE and B. PREIM and A. SCHENK and H. PEITGEN",
  title = "Analysis of vasculature for liver surgical planning",
  text = "SELLE D., PREIM B., SCHENK A., PEITGEN H.-O.: Analysis of vasculature for
    liver surgical planning. IEEE Transactions on Medical Imaging 21, 11 (Nov.
    2002), 1344--1357.",
  year = "2002",
  url = "citeseer.ist.psu.edu/selle02analysis.html" }
  
@article{Xu09,author = {Chunjing Xu and Jianzhuang Liu and Xiaoou Tang},title = {2D Shape Matching by Contour Flexibility},journal ={IEEE Transactions on Pattern Analysis and Machine Intelligence},volume = {31},issn = {0162-8828},year = {2008},pages = {180-186},doi = {http://doi.ieeecomputersociety.org/10.1109/TPAMI.2008.199},publisher = {IEEE Computer Society},address = {Los Alamitos, CA, USA},}

@misc{ wiki:matlab,
  author = "Wikipedia",
  title = "MATLAB --- Wikipedia{,} L'enciclopedia libera",
  year = "2006",
  url = "http://it.wikipedia.org/wiki/MATLAB",
  note = "[Online; controllata il 2-marzo-2010]"
}

@misc{ wiki:gimp,
  author = "Wikipedia",
  title = "The Gimp --- Wikipedia{,} L'enciclopedia libera",
  year = "2006",
  url = "http://it.wikipedia.org/wiki/Gimp",
  note = "[Online; controllata il 1-marzo-2010]"
}

@INPROCEEDINGS{Latecki00,
    author = {Longin Jan Latecki and Rolf Lakamper and Ulrich Eckhardt},
    title = {Shape Descriptors for Non-rigid Shapes with a Single Closed Contour},
    booktitle = {Proc. IEEE Conf. Computer Vision and Pattern Recognition},
    year = {2000},
    pages = {424--429}
}

@article{Caa98,
	author = {Josep Puyol-Gruart},
	title = {Computer Science, Artificial Intelligence and  Archaeology},
	year = {1998}
}

@article{Escalera09,
    author = {Sergio Escalera and Alicia Forn\'es and Oriol Pujol and Alberto Escudero and Petia Radeva},
    title = {Circular blurred shape model for symbol spotting in documents},
    year = {2009}
}

@article{Belongie01,
    author = {Serge Belongie and Jitendra Malik and Jan Puzicha},
    title = {Shape Matching and Object Recognition Using Shape Contexts},
    journal = {IEEE Transactions on Pattern Analysis and Machine Intelligence},
    year = {2001},
    volume = {24},
    pages = {509--522}
}

@inproceedings{McneillV06,
    author = {Graham Mcneill and Sethu Vijayakumar},
    title = {Hierarchical Procrustes matching for shape retrival},
    booktitle = {in CVPR},
    year = {2006},
    pages = {885--894},
    publisher = {CVPR}
}

@inproceedings{McNeillV05,
	title={2D Shape Classification and Retrieval},
	pages={1483-1488},
	year={2005},
	booktitle={IJCAI},
	ee={http://www.ijcai.org/papers/1579.pdf},
	url={http://www.informatik.uni-trier.de/~ley/db/conf/ijcai/ijcai2005.html#McNeillV05},
	author={Graham McNeill and Sethu Vijayakumar}
}

@ARTICLE{Friedman98additivelogistic,
    author = {Jerome Friedman and Trevor Hastie and Robert Tibshirani},
    title = {Additive Logistic Regression: a Statistical View of Boosting},
    journal = {Annals of Statistics},
    year = {1998},
    volume = {28},
    pages = {2000}
}

